4484 5746
944 206 1345 289 interimo„
1499 198 1514 204 “
2071 225 2103 288 v
2185 272 2192 289 l

170 427 354 513 brorum
380 443 456 511 aut
483 425 797 512 collectionum
820 423 982 532 titulis,
1018 421 1093 511 sed
1124 428 1273 542 potius
1299 426 1354 513 de
1382 425 1634 516 recensrone
1669 450 1982 520 contentorum
2007 425 2096 552 agi,
2124 541 2127 546 ⁸

170 717 328 800 meque
345 683 446 768 huic
468 685 691 798 catalogo,
709 702 867 802 utpote
883 683 969 770 hoc
992 680 1195 802 respectu
1211 684 1412 802 hucdum·
1425 683 1557 812 unico
1586 720 1680 775 non
1703 692 1804 806 plus
1833 689 2092 806 attribuisse,

169 973 300 1059 quam
316 974 394 1054 res,
402 938 497 1060 ipsa
512 939 713 1085 testatur2

158 1390 174 1473 ι’
285 1442 502 1559 Quilibet,
520 1442 596 1556 qui
611 1439 728 1526 hunc
746 1442 992 1554 catalogum
1007 1441 1402 1559 bibliographicur'n
1422 1381 1669 1529 consultum
1686 1449 1857 1552 veniet,
1883 1450 1930 1532 in
1947 1478 2091 1535 novos

159 1701 301 1789 omnis
319 1701 488 1814 generis
506 1694 788 1784 scientiarum
803 1718 1015 1786 tractatus
1033 1719 1077 1784 et
1094 1702 1487 1840 commentationes
1512 1701 1698 1809 incidet,
1726 1732 1860 1815 quae,
1886 1696 2087 1818 quamvis

158 1961 248 2076 jam
275 1954 324 2043 in
344 1915 602 2074 corporibus
620 1976 696 2041 aut
713 1952 1051 2097 collectionibus
1075 1959 1311 2072 majoribus
1335 1952 1435 2042 suae
1453 1913 1752 2047 bibliothecae
1767 1917 1977 2070 laterent,
2001 1959 2091 2096 ipss⁴

120 2326 125 2332 ¹
162 2235 310 2302 tamen
344 2218 520 2335 ignotae
559 2215 747 2300 fuerant.
787 2215 1023 2329 Theologi,
1061 2206 1333 2331 Philosophi,
1371 2214 1700 2322 Mathematici,
1732 2217 1917 2326 Medici,
1947 2222 2085 2312 Juris·
2187 2152 2207 2199 ,Ι

149 2429 369 2617 'consul-ti,
389 2473 593 2579 Pontici,
624 2467 848 2580 Historici,
881 2468 1155 2589 Geographi,
1188 2472 1478 2587 Chronologi,
1508 2469 1698 2579 Milites,
1730 2492 1826 2557 tum
1857 2493 1902 2560 et
1932 2471 1986 2581 ii,
2004 2473 2084 2591 qui

156 2715 468 2819 mansuetiores
499 2726 638 2815 musas
676 2723 974 2860 insectantur,
996 2732 1155 2816 Poetae
1193 2749 1239 2816 et
1281 2732 1503 2836 Oratores,
1535 2733 1667 2816 immo
1702 2733 1835 2816 etiarn
1864 2732 2081 2820 bonarum

125 2975 313 3074 ¹,artium
351 2992 587 3082 amatores,
631 3005 719 3059 uno
738 2973 921 3082 ‘verbo,
961 2991 1180 3087 quotquot
1218 2968 1267 3058 in
1297 2955 1488 3083 scientiis
1520 2992 1565 3059 et
1609 2974 1774 3059 artibus
1815 2977 2080 3091 quibuscun-

152 3263 236 3347 que
265 3232 501 3349 praecipue
531 3234 578 3316 in
608 3225 747 3316 studio
777 3230 1092 3318 machinarum,
1109 3250 1154 3316 et
1185 3234 1587 3348 experimentorum
1624 3226 1874 3342 versantur,
1912 3232 1985 3320 hic
2022 3234 2081 3321 ad
2159 3259 2167 3348 g
2204 3270 2206 3275 ’

148 3491 372 3606 ingenium
403 3491 722 3590 excercendum
750 3521 871 3587 nova
901 3509 947 3577 et
974 3491 1096 3607 prius
1127 3485 1245 3605 quafi
1273 3485 1446 3607 sepulta
1474 3484 1701 3607 reperient
1731 3492 1995 3606 adjumenta.

267 3957 393 4076 Haec
423 3988 533 4115 mihi
568 3984 828 4108 praeprimis
857 3985 1030 4076 stimulo
1061 3991 1207 4094 fuere,
1225 4007 1275 4072 ut
1312 3964 1482 4073 nostrae
1498 3983 1797 4105 bibliothecae
1828 3991 2075 4105 catalogum

145 4249 201 4334 ab
233 4250 325 4334 asiis
357 4250 450 4335 fere
483 4250 682 4336 omnibus
727 4245 977 4336 distinctum
999 4249 1182 4365 publici
1226 4249 1332 4360 juris
1375 4248 1597 4352 facerem,
1644 4277 1900 4360 novumque
1937 4251 2070 4364 plane

143 4502 743 4635 systemabibliographicum
759 4507 797 4622 ἢ
826 4538 909 4625 per
940 4526 1149 4626 excerpta
1179 4525 1384 4596 veterum
1415 4523 1460 4590 et
1497 4507 1796 4589 recentiorum
1835 4536 2070 4621 corporum
2098 4544 2100 4547 ·

303 4905 334 4980 *J
359 4904 459 4984 Certe
472 4925 525 4966 me
542 4926 607 4969 non
623 4905 814 4994 poeniteat,
829 4901 955 4969 'novam
972 4905 1071 4968 etiam
1087 4903 1276 4966 divisionem
1293 4901 1328 4962 in
1344 4899 1563 4986 descriptione
1579 4897 1845 4965 incunabulorum
1863 4896 1981 4960 saeculi
1999 4900 2067 4988 pri·

376 5063 421 5124 mi
443 5061 672 5165 typographici
695 5061 804 5149 quoad
820 5055 999 5153 'periodum
1025 5060 1334 5148 Guttonbergs'eam,
1366 5058 1628 5132 monterianum,
1662 5069 1695 5140 et
1721 5035 1882 5120 Aldinam
1907 5053 2067 5134 statuisse,
